@misc {WikiBook2022LaTeX,
   url = {https://en.wikibooks.org/wiki/LaTeX},
   year = {2021},
   title = {LaTeX WikiBook},
   author = {WikiBook},
}

@misc {Lambert2021MakefileTutorial,
   author = {Chase Lambert},
   url = {https://makefiletutorial.com/},
   year = {2021},
   title = {Makefile Tutorial},
}

@misc {Overleaf2021LearnLaTeXIn,
   url = {https://www.overleaf.com/learn/latex/Learn_LaTeX_in_30_minutes},
   year = {2021},
   title = {Learn LaTeX in 30 minutes},
   author = {Overleaf},
}

@misc {Overleaf2021LearnLaTeXIn,
   url = {https://www.readandspell.com/us/struggling-with-math#:~:text=There%20are%20a%20number%20of,apply%20and%20perform%20mathematical%20operations.},
   year = {2021},
   title = {Learn LaTeX in 30 minutes},
   author = {Overleaf},
}

